<record><leader>00000cas a22000007a 4500</leader><controlfield tag="001">27158831</controlfield><controlfield tag="008">921222d193u19uumouwr ne      0    0eng d</controlfield><datafield ind1=" " ind2=" " tag="010"><subfield code="a">sn 92059023 </subfield></datafield><datafield ind1=" " ind2=" " tag="040"><subfield code="a">MQN</subfield><subfield code="b">eng</subfield><subfield code="c">MQN</subfield><subfield code="d">OCLCQ</subfield></datafield><datafield ind1=" " ind2=" " tag="042"><subfield code="a">msc</subfield></datafield><datafield ind1="0" ind2=" " tag="130"><subfield code="a">Northwest Missourian (Sheridan, Mo. : 1933)</subfield></datafield><datafield ind1="1" ind2="0" tag="245"><subfield code="a">Northwest Missourian.</subfield></datafield><datafield ind1=" " ind2=" " tag="260"><subfield code="a">Sheridan, Worth County, Mo. :</subfield><subfield code="b">Jas. A. Harris</subfield></datafield><datafield ind1=" " ind2=" " tag="300"><subfield code="a">v.</subfield></datafield><datafield ind1=" " ind2=" " tag="310"><subfield code="a">Weekly</subfield></datafield><datafield ind1="1" ind2=" " tag="362"><subfield code="a">Ceased in Jan. 1942?</subfield></datafield><datafield ind1=" " ind2=" " tag="588"><subfield code="a">Description based on: Vol. 45, no. 50 (Jan. 5, 1933).</subfield></datafield><datafield ind1=" " ind2="4" tag="651"><subfield code="a">Sheridan (Mo.)</subfield><subfield code="v">Newspapers.</subfield></datafield><datafield ind1=" " ind2=" " tag="752"><subfield code="a">United States</subfield><subfield code="b">Missouri</subfield><subfield code="c">Worth</subfield><subfield code="d">Sheridan.</subfield></datafield><datafield ind1="0" ind2="0" tag="780"><subfield code="t">Sheridan advance (Sheridan, Mo. : 1929)</subfield><subfield code="w">(DLC)sn 92059022</subfield></datafield></record>